<record><leader>00000cas a22000007a 4500</leader><controlfield tag="001">10266611</controlfield><controlfield tag="008">840105d18711887nvudn ne      0    0eng d</controlfield><datafield ind1=" " ind2=" " tag="010"><subfield code="a">sn 84022044 </subfield></datafield><datafield ind1=" " ind2=" " tag="040"><subfield code="a">NPX</subfield><subfield code="b">eng</subfield><subfield code="c">NPX</subfield><subfield code="d">NNX</subfield><subfield code="d">CNK</subfield><subfield code="d">CNW</subfield><subfield code="d">OCLCQ</subfield><subfield code="d">OCLCF</subfield><subfield code="d">OCLCO</subfield><subfield code="d">CUS</subfield></datafield><datafield ind1=" " ind2=" " tag="042"><subfield code="a">msc</subfield></datafield><datafield ind1=" " ind2=" " tag="043"><subfield code="a">n-us-nv</subfield></datafield><datafield ind1="1" ind2="4" tag="050"><subfield code="a">AN</subfield></datafield><datafield ind1="0" ind2="0" tag="245"><subfield code="a">Eureka daily sentinel.</subfield></datafield><datafield ind1=" " ind2=" " tag="260"><subfield code="a">Eureka, Nev. :</subfield><subfield code="b">A. Skillman &amp; Co.,</subfield><subfield code="c">1871-1887.</subfield></datafield><datafield ind1=" " ind2=" " tag="300"><subfield code="a">35 volumes ;</subfield><subfield code="c">54 cm.</subfield></datafield><datafield ind1=" " ind2=" " tag="310"><subfield code="a">Daily (except Mon.)</subfield></datafield><datafield ind1=" " ind2=" " tag="336"><subfield code="a">text</subfield><subfield code="b">txt</subfield><subfield code="2">rdacontent</subfield></datafield><datafield ind1=" " ind2=" " tag="337"><subfield code="a">unmediated</subfield><subfield code="b">n</subfield><subfield code="2">rdamedia</subfield></datafield><datafield ind1=" " ind2=" " tag="338"><subfield code="a">volume</subfield><subfield code="b">nc</subfield><subfield code="2">rdacarrier</subfield></datafield><datafield ind1="0" ind2=" " tag="362"><subfield code="a">Vol. 1, no. 1 (May 23, 1871)-v. 35, no. 80 (Oct. 2, 1887).</subfield></datafield><datafield ind1=" " ind2=" " tag="500"><subfield code="a">"Democratic." Cf. Lingenfelter, R.E. Newspapers of Nev.</subfield></datafield><datafield ind1=" " ind2=" " tag="580"><subfield code="a">Published as a weekly, Aug. 1, 1879-Oct. 1, 1887, with the titles: Eureka weekly sentinel; Eureka sentinel.</subfield></datafield><datafield ind1=" " ind2="0" tag="651"><subfield code="a">Eureka (Nev.)</subfield><subfield code="v">Newspapers.</subfield></datafield><datafield ind1=" " ind2="7" tag="651"><subfield code="a">Nevada</subfield><subfield code="z">Eureka.</subfield><subfield code="2">fast</subfield><subfield code="0">(OCoLC)fst01236843</subfield></datafield><datafield ind1=" " ind2="7" tag="655"><subfield code="a">Newspapers.</subfield><subfield code="2">fast</subfield><subfield code="0">(OCoLC)fst01423814</subfield></datafield><datafield ind1=" " ind2=" " tag="752"><subfield code="a">United States</subfield><subfield code="b">Nevada</subfield><subfield code="c">Eureka</subfield><subfield code="d">Eureka.</subfield></datafield><datafield ind1="1" ind2=" " tag="775"><subfield code="t">Eureka weekly sentinel (Eureka, Nev. : 1879)</subfield><subfield code="w">(DLC)sn 86076202</subfield><subfield code="w">(OCoLC)13787823</subfield></datafield><datafield ind1="1" ind2=" " tag="775"><subfield code="t">Eureka sentinel (Eureka, Nev. : Cassidy &amp; Skillman)</subfield><subfield code="w">(DLC)sn 86076996</subfield><subfield code="w">(OCoLC)13787843</subfield></datafield><datafield ind1="0" ind2="0" tag="780"><subfield code="t">Eureka sentinel (Eureka, Nev. : 1870)</subfield><subfield code="w">(DLC)sn 86076203</subfield><subfield code="w">(OCoLC)13787687</subfield></datafield><datafield ind1="1" ind2=" " tag="029"><subfield code="a">AU@</subfield><subfield code="b">000020413796</subfield></datafield></record>